<?xml version="1.0" encoding="UTF-8"?>
<record xmlns="http://www.loc.gov/MARC21/slim" xmlns:xsi="http://www.w3.org/2001/XMLSchema-instance" xsi:schemaLocation="http://www.loc.gov/MARC21/slim http://www.loc.gov/standards/marcxml/schema/MARC21slim.xsd">
<leader>00000cam a22      i 4500</leader>
<controlfield tag="001">001681984</controlfield>
<controlfield tag="003">NNU</controlfield>
<controlfield tag="005">20150511165706.0</controlfield>
<controlfield tag="008">780117s1955    ir            000 0bara d</controlfield>
<datafield tag="010" ind1=" " ind2=" ">
<subfield code="a">ne 68001311</subfield>
</datafield>
<datafield tag="035" ind1=" " ind2=" ">
<subfield code="a">(OCoLC)144694561</subfield>
</datafield>
<datafield tag="040" ind1=" " ind2=" ">
<subfield code="a">NYP</subfield>
<subfield code="b">eng</subfield>
<subfield code="c">NYP</subfield>
<subfield code="d">OCLCQ</subfield>
<subfield code="d">NNU</subfield>
</datafield>
<datafield tag="050" ind1=" " ind2="4">
<subfield code="a">PK6529.A9</subfield>
<subfield code="b">A6 1955</subfield>
</datafield>
<datafield tag="100" ind1="1" ind2=" ">
<subfield code="6">880-01</subfield>
<subfield code="a">Sharīf al-Raḍī, Muḥammad ibn al-Ḥusayn,</subfield>
<subfield code="d">969 or 970-1016,</subfield>
<subfield code="e">author.</subfield>
</datafield>
<datafield tag="245" ind1="1" ind2="0">
<subfield code="6">880-02</subfield>
<subfield code="a">Dīwān :</subfield>
<subfield code="b">al-Sayyid al-Imān Ḍiyāʼ al-Din Abī al-Riḍā Faḍl Allāh al-Ḥasanī al-Rāwandī al-Qāsāni / ʻ</subfield>
<subfield code="c">Uniya bi-taṣḥihih wa-ṭabʻih al-Sayyid Jalāl al-Dīn al-Urmawī al-mushtahir bi-al-Muḥaddith.</subfield>
</datafield>
<datafield tag="250" ind1=" " ind2=" ">
<subfield code="6">880-03</subfield>
<subfield code="a">al-Ṭabʻah 1.</subfield>
</datafield>
<datafield tag="260" ind1=" " ind2=" ">
<subfield code="6">880-04</subfield>
<subfield code="a">[Ṭihrān] :</subfield>
<subfield code="b">Maṭbaʻat al-Majlis,</subfield>
<subfield code="c">[1955]</subfield>
</datafield>
<datafield tag="300" ind1=" " ind2=" ">
<subfield code="a">40, 311 pages</subfield>
<subfield code="b">facsimiles</subfield>
<subfield code="c">25 cm</subfield>
</datafield>
<datafield tag="336" ind1=" " ind2=" ">
<subfield code="a">text</subfield>
<subfield code="b">txt</subfield>
<subfield code="2">rdacontent</subfield>
</datafield>
<datafield tag="337" ind1=" " ind2=" ">
<subfield code="a">unmediated</subfield>
<subfield code="b">n</subfield>
<subfield code="2">rdamedia</subfield>
</datafield>
<datafield tag="338" ind1=" " ind2=" ">
<subfield code="a">volume</subfield>
<subfield code="b">nc</subfield>
<subfield code="2">rdacarrier</subfield>
</datafield>
<datafield tag="700" ind1="1" ind2=" ">
<subfield code="6">880-05</subfield>
<subfield code="a">Muḥaddis̲, Jalāl al-Dīn Ḥusaynī,</subfield>
<subfield code="e">editor.</subfield>
</datafield>
<datafield tag="880" ind1="1" ind2=" ">
<subfield code="6">100-01/</subfield>
<subfield code="a">شريف الرضي، محمد بن الحسين،</subfield>
<subfield code="d">969 or 970-1016,</subfield>
<subfield code="e">author.</subfield>
</datafield>
<datafield tag="880" ind1="1" ind2="0">
<subfield code="6">245-02/</subfield>
<subfield code="a">ديوان :</subfield>
<subfield code="b">السيد الامان ضياء الدن ابي الرضا فضل الله الحسني الراوندي القاسان /</subfield>
<subfield code="c">عني بتصحيحهه وطبعه السيد جلال الدين الارموي المشتهر بالمحدث.</subfield>
</datafield>
<datafield tag="880" ind1=" " ind2=" ">
<subfield code="6">250-03/</subfield>
<subfield code="a">الطبعة 1.</subfield>
</datafield>
<datafield tag="880" ind1=" " ind2=" ">
<subfield code="6">260-04/</subfield>
<subfield code="a">[طهران] :</subfield>
<subfield code="b">مطبعة المجلس،</subfield>
<subfield code="c">[1955]</subfield>
</datafield>
<datafield tag="880" ind1="1" ind2=" ">
<subfield code="6">700-05/</subfield>
<subfield code="a">محدث، جلال الدىن حسىنى،</subfield>
<subfield code="e">editor.</subfield>
</datafield>
<datafield tag="OWN" ind1=" " ind2=" ">
<subfield code="a">GENERAL</subfield>
</datafield>
<datafield tag="AVA" ind1=" " ind2=" ">
<subfield code="a">NYU50</subfield>
<subfield code="b">BOBST</subfield>
<subfield code="c">Main Collection</subfield>
<subfield code="d">PK6529.A9 A6 1955</subfield>
<subfield code="e">unavailable</subfield>
<subfield code="t">Unavailable</subfield>
<subfield code="f">1</subfield>
<subfield code="g">1</subfield>
<subfield code="h">N</subfield>
<subfield code="i">0</subfield>
<subfield code="j">MAIN</subfield>
<subfield code="k">0</subfield>
</datafield>
</record>
